<record><leader>00000cas a22000007a 4500</leader><controlfield tag="001">12925413</controlfield><controlfield tag="008">851217d19261948aluwr ne      0    0eng d</controlfield><datafield ind1=" " ind2=" " tag="010"><subfield code="a">sn 85045127 </subfield></datafield><datafield ind1=" " ind2=" " tag="040"><subfield code="a">AAR</subfield><subfield code="b">eng</subfield><subfield code="c">AAR</subfield><subfield code="d">CPN</subfield><subfield code="d">NSD</subfield><subfield code="d">OCLCQ</subfield></datafield><datafield ind1=" " ind2=" " tag="042"><subfield code="a">msc</subfield></datafield><datafield ind1="0" ind2=" " tag="130"><subfield code="a">Andalusia star (Andalusia, Ala. : 1926)</subfield></datafield><datafield ind1="1" ind2="4" tag="245"><subfield code="a">The Andalusia star.</subfield></datafield><datafield ind1=" " ind2=" " tag="260"><subfield code="a">Andalusia, Ala. :</subfield><subfield code="b">[s.n.],</subfield><subfield code="c">1926-1948.</subfield></datafield><datafield ind1=" " ind2=" " tag="300"><subfield code="a">v. :</subfield><subfield code="b">ill. ;</subfield><subfield code="c">60 cm.</subfield></datafield><datafield ind1=" " ind2=" " tag="310"><subfield code="a">Weekly,</subfield><subfield code="b">Apr. 27, 1933-Oct. 28, 1948</subfield></datafield><datafield ind1=" " ind2=" " tag="321"><subfield code="a">Semiweekly,</subfield><subfield code="b">Sept. 28, 1926-Apr. 21, 1933</subfield></datafield><datafield ind1="0" ind2=" " tag="362"><subfield code="a">Vol. 18, no. 54 (Sept. 28, 1926)-v. 37, no. 41 (Oct. 28, 1948).</subfield></datafield><datafield ind1=" " ind2=" " tag="580"><subfield code="a">Merged with: Covington news (Andalusia, Ala. : 1924), to form: Andalusia star-news.</subfield></datafield><datafield ind1=" " ind2=" " tag="752"><subfield code="a">United States</subfield><subfield code="b">Alabama</subfield><subfield code="c">Covington</subfield><subfield code="d">Andalusia.</subfield></datafield><datafield ind1="0" ind2="1" tag="780"><subfield code="t">Andalusia daily star</subfield><subfield code="w">(DLC)sn 85045126</subfield></datafield><datafield ind1="1" ind2="7" tag="785"><subfield code="t">Covington news (Andalusia, Ala. : 1924)</subfield><subfield code="w">(DLC)sn 85045128</subfield></datafield><datafield ind1="1" ind2="7" tag="785"><subfield code="t">Andalusia star-news</subfield><subfield code="x">0746-2115</subfield><subfield code="w">(DLC)sn 83008749</subfield></datafield></record>